@Book{Saulson,
	author = {Peter Saulson},
	title = {Fundamentals of Gravitational Wave Detectors},
	publisher = {World Scientific},
	year = {2016},
}

@article{einstein,
	author =       "Albert Einstein",
	title =        "{Zur Elektrodynamik bewegter K{\"o}rper}. ({German})
	[{On} the electrodynamics of moving bodies]",
	journal =      "Annalen der Physik",
	volume =       "322",
	number =       "10",
	pages =        "891--921",
	year =         "1905",
	DOI =          "http://dx.doi.org/10.1002/andp.19053221004"
}

@article{Lawrence:99,
author = {M. J. Lawrence and B. Willke and M. E. Husman and E. K. Gustafson and R. L. Byer},
journal = {J. Opt. Soc. Am. B},
keywords = {Fabry-Perot; Interferometry; Optical resonators},
number = {4},
pages = {523--532},
publisher = {OSA},
title = {Dynamic response of a Fabry--Perot interferometer},
volume = {16},
month = {Apr},
year = {1999},
url = {http://josab.osa.org/abstract.cfm?URI=josab-16-4-523},
doi = {10.1364/JOSAB.16.000523},
}

@article{dynamicFP,
author = {M Rakhmanov, F Bondu, O Debieu and R L Savage Jr},
journal = {Classical and Quantum Gravity},
title = {Characterization of the LIGO 4 km Fabryâ€“Perot cavities via their high-frequency dynamic responses to length and laser frequency variations},
month = {Feb},
year = {2004},
url = {http://iopscience.iop.org/article/10.1088/0264-9381/21/5/015/meta}
}